@misc{accessible-apps,
  author={{Google LLC}},
  title={Make apps more accessible | Android Developers},
  year={2018},
  note={\newline Available at: \url{https://developer.android.com/guide/topics/ui/accessibility/apps} [Accessed 05 Jan. 2019]},
}

@misc{android-status,
  author={{Wix Engineering}},
  title={Android Support Status},
  year={2018},
  note={\newline Available at: \url{https://github.com/wix/Detox/blob/master/docs/More.AndroidSupportStatus.md} [Accessed 05 Jan. 2019]},
}

@misc{appium-and-selenium,
  author={Ville-Veikko Helppi},
  title={The Basics of Mobile Web Testing on Real Devices Using Selenium},
  %year={(n.d.)},
  note={\newline Available at: \url{https://bitbar.com/the-basics-of-mobile-web-testing-using-appium-selenium/} [Accessed 05 Jan. 2019]},
}

@misc{appium-pro,
  author={Jonathan Lipps},
  title={Using Espresso With Appium},
  year={2018},
  note={\newline Available at: \url{https://appiumpro.com/editions/18} [Accessed 06 Jan. 2019]},
}

@misc{cavy,
  author={{Pixie Labs}},
  title={Cavy: An integration test framework for React Native.},
  year={2018},
  note={\newline Available at: \url{https://github.com/pixielabs/cavy/} [Accessed 06 Jan. 2019]},
}

@mastersthesis{comparison-gui,
  author={Tomi Lämsä},
  title={Comparison of GUI testing tools for Android applications},
  school={University of Oulu},
  year={2017},
  %note={\newline Available at: \url{http://jultika.oulu.fi/files/nbnfioulu-201706142676.pdf} [Accessed 06 Jan. 2019]},
}
  
@misc{detox-gray-box,
  author={Rotem Mizrachi-Meidan},
  title={Detox: Gray Box End to End Testing Framework for Mobile Apps},
  year={2017},
  note={\newline Available at: \url{https://hackernoon.com/detox-gray-box-end-to-end-testing-framework-for-mobile-apps-196ccd9564ce} [Accessed 06 Jan. 2019]},
}
  
@misc{detox-vs-appium,
  author={Jurijs Yuri Bormanis},
  title={Detox vs. Appium: automated UI tests in React Native},
  year={2018},
  note={\newline Available at: \url{https://medium.com/@borman/detox-vs-appium-ui-tests-in-react-native-2d07bf1e244f/} [Accessed 05 Jan. 2019]},
}
  
@misc{e2e_cavy,
  author={Luiz Parreira},
  title={React Native e2e testing with Cavy},
  year={2018},
  note={\newline Available at: \url{https://medium.com/magnetis-backstage/react-native-e2e-testing-with-cavy-1f1d5be1d3be} [Accessed 06 Jan. 2019]},
}
  
@misc{hoc,
  author={{Facebook Inc.}},
  title={Higher-Order Components},
  year={2018},
  note={\newline Available at: \url{https://reactjs.org/docs/higher-order-components.html} [Accessed 06 Jan. 2019]},
}
  
@misc{learning-test-react-native,
  author={Jason Gaare},
  title={Learning to test React Native with Jest — part 1},
  year={2017},
  note={\newline Available at: \url{https://medium.com/react-native-training/learning-to-test-react-native-with-jest-part-1-f782c4e30101} [Accessed 06 Jan. 2019]},
}
  
@misc{react-native,
  author={{Facebook Inc.}},
  title={React Native},
  year={2018},
  note={\newline Available at: \url{https://facebook.github.io/react-native/} [Accessed 26 Dec. 2018]},
}
  
@misc{testing-react-native,
  author={{Facebook Inc.}},
  title={Testing React Native Apps},
  year={2018},
  note={\newline Available at: \url{https://jestjs.io/docs/en/tutorial-react-native} [Accessed 06 Jan. 2019]},
}
  
@misc{testing-react-native-with-jest,
  author={Ferran Negre},
  title={Testing React Native with the *new* Jest — Part I},
  year={2016},
  note={\newline Available at: \url{https://blog.callstack.io/unit-testing-react-native-with-the-new-jest-i-snapshots-come-into-play-68ba19b1b9fe} [Accessed 06 Jan. 2019]},
}

@misc{webdriverio,
  author={{JS.Foundation}},
  title={WebdriverIO API Docs},
  year={2019},
  note={\newline Available at: \url{https://webdriver.io/docs/api.html} [Accessed 05 Jan. 2019]},
}

@book{test-automation-appium,
 title = {Mobile Test Automation with Appium},
 author = {Nishant Verma},           
 year = {2017},
 location = {Birmingham},
 publisher = {Packt Publishing Ltd.}
}

@misc{ref,
  author={},
  title={},
  year={},
  note={\newline Available at: \url{} [Accessed 05 Jan. 2019]},
}